@inproceedings{dutta:2015,
    author = {Dutta, Kusumika Krori and Satheesh Kumar Raju K and Anil Kumar G S and Sunny Arokia Swamy B},
    title = {Double Handed Indian Sign Language to Speech and Text},
    booktitle = {Proceedings of the 2015 Third International Conference on Image Information Processing (ICIIP)},
    series = {ICIIP '15},
    year = {2015},
    isbn = {978-1-5090-0148-4},
    pages = {374--377},
    numpages = {4},
    url = {http://dx.doi.org/10.1109/ICIIP.2015.7414799},
    doi = {10.1109/ICIIP.2015.7414799},
    acmid = {2920887},
    publisher = {IEEE Computer Society},
    address = {Washington, DC, USA},
}


@inproceedings{autoisl:2013,
    author={K. Dixit and A. S. Jalal},
    booktitle={2013 3rd IEEE International Advance Computing Conference (IACC)},
    title={Automatic Indian Sign Language recognition system},
    year={2013},
    volume={},
    number={},
    pages={883-887},
    doi={10.1109/IAdCC.2013.6514343},
    ISSN={},
month={Feb}
}

@inproceedings{DK:2014,
    author={K. Dabre and S. Dholay},
    booktitle={2014 International Conference on Circuits, Systems, Communication and Information Technology Applications (CSCITA)},
    title={Machine learning model for sign language interpretation using webcam images},
    year={2014},
    volume={},
    number={},
    pages={317-321},
    ISSN={},
    month={April}
}
